<?xml version="1.0" encoding="UTF-8"?><collection xmlns="http://www.loc.gov/MARC21/slim"><record><leader>00494nam--2200169-i-4500</leader><controlfield tag="001">000017934</controlfield><controlfield tag="002">20161230</controlfield><controlfield tag="005">20170128145322</controlfield><controlfield tag="008">060222s1000------------r-----000-0-eng-d</controlfield><datafield ind1=" " ind2=" " tag="080"><subfield code="a">681.14</subfield></datafield><datafield ind1=" " ind2=" " tag="100"><subfield code="a">Eckert, W. J</subfield></datafield><datafield ind1=" " ind2=" " tag="245"><subfield code="a">Faster, faster. A simple description of a giant electronic calculator and the problems it solves</subfield></datafield><datafield ind1=" " ind2=" " tag="260"><subfield code="a">New York</subfield><subfield code="b">Mcgraw-Hill</subfield><subfield code="c">1955</subfield></datafield><datafield ind1=" " ind2=" " tag="300"><subfield code="a">VII + 160 p. Cu Fig. + 1 F.Pl</subfield></datafield><datafield ind1=" " ind2=" " tag="700"><subfield code="a">Jones, Rebeca</subfield></datafield><datafield ind1=" " ind2=" " tag="852"><subfield code="a">11805</subfield></datafield><datafield ind1=" " ind2=" " tag="CAT"><subfield code="a">SYS</subfield><subfield code="c">20170128</subfield><subfield code="h">145322</subfield></datafield></record></collection>